@book{bird2009,
	title={Natural language processing with Python},
	author={Bird, Steven and Klein, Ewan and Loper, Edward},
	year={2009},
	publisher={" O'Reilly Media, Inc."}
}

@article{bishop2006pattern,
	title={Pattern recognition},
	author={Bishop, Christopher M},
	journal={Machine Learning},
	volume={128},
	pages={1--58},
	year={2006}
}

@misc{engelhardt17,
	author = {Engelhardt, Barbara},
	date = {2-14-2017},
	title = {Probabilistic Classification},
	howpublished = {Lecture Slides}
}

@inproceedings{Kotzias2015,
	doi = {10.1145/2783258.2783380},
	url = {https://doi.org/10.1145%2F2783258.2783380},
	year  = {2015},
	publisher = {Association for Computing Machinery ({ACM})},
	author = {Dimitrios Kotzias and Misha Denil and Nando de Freitas and Padhraic Smyth},
	title = {From Group to Individual Labels Using Deep Features},
	booktitle = {Proceedings of the 21th {ACM} {SIGKDD} International Conference on Knowledge Discovery and Data Mining - {KDD} 15}
}

@inproceedings{lacoste2009,
	title={DiscLDA: Discriminative learning for dimensionality reduction and classification},
	author={Lacoste-Julien, Simon and Sha, Fei and Jordan, Michael I},
	booktitle={Advances in neural information processing systems},
	pages={897--904},
	year={2009}
}

@book{Murphy2012,
	Author = {Kevin P. Murphy},
	Title = {Machine Learning: A Probabilistic Perspective (Adaptive Computation and Machine Learning series)},
	Publisher = {The MIT Press},
	Year = {2012},
	ISBN = {},
	URL = {https://www.amazon.com/Machine-Learning-Probabilistic-Perspective-Computation-ebook/dp/B00AF1AYTQ%3FSubscriptionId%3D0JYN1NVW651KCA56C102%26tag%3Dtechkie-20%26linkCode%3Dxm2%26camp%3D2025%26creative%3D165953%26creativeASIN%3DB00AF1AYTQ}
}

@book{nltk,
	author = {Bird, Steven and Klein, Ewan and Loper, Edward},
	title = {Natural Language Processing with Python},
	year = {2009},
	isbn = {0596516495, 9780596516499},
	edition = {1st},
	publisher = {O'Reilly Media, Inc.},
} 

@inproceedings{oKeefe2009,
	title={Feature Selection and Weighting Methods in Sentiment Analysis},
	author={Tim O'Keefe and Irena Koprinska},
	year={2009},
	url={http://es.csiro.au/adcs2009/proceedings/oral-presentation/09-okeefe.pdf},
}

@article{scikit-learn,
	title={Scikit-learn: Machine Learning in {P}ython},
	author={Pedregosa, F. and Varoquaux, G. and Gramfort, A. and Michel, V.
	and Thirion, B. and Grisel, O. and Blondel, M. and Prettenhofer, P.
	and Weiss, R. and Dubourg, V. and Vanderplas, J. and Passos, A. and
	Cournapeau, D. and Brucher, M. and Perrot, M. and Duchesnay, E.},
	journal={Journal of Machine Learning Research},
	volume={12},
	pages={2825--2830},
	year={2011}
}

@inproceedings{zhu2009,
	title={MedLDA: maximum margin supervised topic models for regression and classification},
	author={Zhu, Jun and Ahmed, Amr and Xing, Eric P},
	booktitle={Proceedings of the 26th Annual International Conference on Machine Learning},
	pages={1257--1264},
	year={2009},
	organization={ACM}
}

